@INPROCEEDINGS{paper,
  author={Shaker, Khalid and Abdullah, Salwani and Hatem, Arwa},
  booktitle={2012 4th Conference on Data Mining and Optimization (DMO)}, 
  title={A Differential Evolution Algorithm for the University course timetabling problem}, 
  year={2012},
  pages={99-102},
  doi={10.1109/DMO.2012.6329805}
 }